<record><leader>00000cas a2200000 a 4500</leader><controlfield tag="001">14511362</controlfield><controlfield tag="008">861023d185518uuiau x ne      0   b0fre c</controlfield><datafield ind1=" " ind2=" " tag="010"><subfield code="a">sn 86060309 </subfield></datafield><datafield ind1=" " ind2=" " tag="040"><subfield code="a">INP</subfield><subfield code="b">eng</subfield><subfield code="c">INP</subfield><subfield code="d">YOX</subfield><subfield code="d">NSD</subfield><subfield code="d">NVF</subfield><subfield code="d">OCL</subfield><subfield code="d">CVF</subfield><subfield code="d">KRTAS</subfield><subfield code="d">OCLCQ</subfield><subfield code="d">OCLCF</subfield><subfield code="d">OCLCO</subfield><subfield code="d">NVF</subfield><subfield code="d">OCLCO</subfield><subfield code="d">COO</subfield><subfield code="d">OCLCA</subfield></datafield><datafield ind1="0" ind2=" " tag="022"><subfield code="a">1075-1408</subfield><subfield code="l">1075-1408</subfield><subfield code="2">1</subfield></datafield><datafield ind1="1" ind2=" " tag="029"><subfield code="a">ZWZ</subfield><subfield code="b">03805681X</subfield></datafield><datafield ind1="0" ind2=" " tag="041"><subfield code="a">fre</subfield><subfield code="a">eng</subfield><subfield code="a">ger</subfield></datafield><datafield ind1=" " ind2=" " tag="042"><subfield code="a">pcc</subfield><subfield code="a">nsdp</subfield></datafield><datafield ind1=" " ind2=" " tag="043"><subfield code="a">n-us---</subfield></datafield><datafield ind1="1" ind2="0" tag="082"><subfield code="a">335</subfield><subfield code="2">12</subfield></datafield><datafield ind1="0" ind2=" " tag="210"><subfield code="a">Rev. Icarienne</subfield></datafield><datafield ind1=" " ind2="0" tag="222"><subfield code="a">Revue Icarienne</subfield></datafield><datafield ind1="0" ind2="0" tag="245"><subfield code="a">Revue Icarienne.</subfield></datafield><datafield ind1=" " ind2=" " tag="260"><subfield code="a">Nauvoo, Ill. :</subfield><subfield code="b">E. Cabet</subfield></datafield><datafield ind1="3" ind2=" " tag="260"><subfield code="e">&lt;Nov. 1878-Apr. 1888&gt;</subfield><subfield code="a">Corning, Iowa :</subfield><subfield code="b">E. Cabet</subfield></datafield><datafield ind1=" " ind2=" " tag="300"><subfield code="a">v.</subfield></datafield><datafield ind1=" " ind2=" " tag="310"><subfield code="a">Irregular,</subfield><subfield code="b">June 1887-&lt;Apr. 1888&gt;</subfield></datafield><datafield ind1=" " ind2=" " tag="321"><subfield code="a">Monthly,</subfield><subfield code="b">&lt;Feb. 1855&gt;-Dec. 1879</subfield></datafield><datafield ind1=" " ind2=" " tag="321"><subfield code="a">Irregular,</subfield><subfield code="b">Jan./Feb. 1880-Feb. 1884</subfield></datafield><datafield ind1=" " ind2=" " tag="321"><subfield code="a">Bimonthly,</subfield><subfield code="b">Mar./Apr. 1884-Jan./Feb. 1887</subfield></datafield><datafield ind1="1" ind2=" " tag="362"><subfield code="a">Began in Jan. 1855.</subfield></datafield><datafield ind1=" " ind2=" " tag="515"><subfield code="a">Suspended publication May-Aug. 1855.</subfield></datafield><datafield ind1=" " ind2=" " tag="515"><subfield code="a">Some issues lack unique chronological designation.</subfield></datafield><datafield ind1=" " ind2=" " tag="515"><subfield code="a">Numbering irregular.</subfield></datafield><datafield ind1=" " ind2=" " tag="530"><subfield code="3">Nov. 1878-Apr. 1888</subfield><subfield code="a">available on microfilm;</subfield><subfield code="b">New York Public Library.</subfield></datafield><datafield ind1=" " ind2=" " tag="530"><subfield code="3">Feb.-July 1855</subfield><subfield code="a">available on microfilm;</subfield><subfield code="b">Newberry Library.</subfield></datafield><datafield ind1=" " ind2=" " tag="546"><subfield code="a">In French, &lt;Feb. 1855-July 1856&gt;; in French, with some English and German, &lt;Nov. 1878-Apr. 1888&gt;.</subfield></datafield><datafield ind1=" " ind2=" " tag="550"><subfield code="a">&quot;Organe de la communaute&#769; e&#769;tablie a&#768; Nauvoo.&quot;</subfield></datafield><datafield ind1=" " ind2=" " tag="588"><subfield code="a">Description based on: Vol. 1, no 2 (fe&#769;vr. 1855).</subfield></datafield><datafield ind1=" " ind2=" " tag="588"><subfield code="a">Latest issue consulted: Apr. 1888.</subfield></datafield><datafield ind1=" " ind2="0" tag="650"><subfield code="a">Icarian movement</subfield><subfield code="z">Illinois</subfield><subfield code="z">Nauvoo</subfield><subfield code="v">Newspapers.</subfield></datafield><datafield ind1=" " ind2="0" tag="650"><subfield code="a">Icarian movement</subfield><subfield code="z">Iowa</subfield><subfield code="z">Corning</subfield><subfield code="v">Newspapers.</subfield></datafield><datafield ind1=" " ind2="0" tag="650"><subfield code="a">Utopian socialism</subfield><subfield code="z">Illinois</subfield><subfield code="z">Nauvoo</subfield><subfield code="v">Newspapers.</subfield></datafield><datafield ind1=" " ind2="0" tag="650"><subfield code="a">Utopian socialism</subfield><subfield code="z">Iowa</subfield><subfield code="z">Corning</subfield><subfield code="v">Newspapers.</subfield></datafield><datafield ind1=" " ind2="0" tag="650"><subfield code="a">French Americans</subfield><subfield code="z">Illinois</subfield><subfield code="z">Nauvoo</subfield><subfield code="v">Newspapers.</subfield></datafield><datafield ind1=" " ind2="0" tag="650"><subfield code="a">French Americans</subfield><subfield code="z">Iowa</subfield><subfield code="z">Corning</subfield><subfield code="v">Newspapers.</subfield></datafield><datafield ind1=" " ind2="0" tag="650"><subfield code="a">French American newspapers</subfield><subfield code="z">Illinois</subfield><subfield code="z">Nauvoo</subfield><subfield code="v">Newspapers.</subfield></datafield><datafield ind1=" " ind2="0" tag="650"><subfield code="a">French American newspapers</subfield><subfield code="z">Iowa</subfield><subfield code="z">Corning</subfield><subfield code="v">Newspapers.</subfield></datafield><datafield ind1=" " ind2="0" tag="651"><subfield code="a">Nauvoo (Ill.)</subfield><subfield code="v">Newspapers.</subfield></datafield><datafield ind1=" " ind2="0" tag="651"><subfield code="a">Corning (Iowa)</subfield><subfield code="v">Newspapers.</subfield></datafield><datafield ind1=" " ind2="7" tag="650"><subfield code="a">French Americans.</subfield><subfield code="2">fast</subfield><subfield code="0">(OCoLC)fst00934236</subfield></datafield><datafield ind1=" " ind2="7" tag="650"><subfield code="a">Icarian movement.</subfield><subfield code="2">fast</subfield><subfield code="0">(OCoLC)fst00966498</subfield></datafield><datafield ind1=" " ind2="7" tag="651"><subfield code="a">United States.</subfield><subfield code="2">fast</subfield><subfield code="0">(OCoLC)fst01204155</subfield></datafield><datafield ind1=" " ind2="7" tag="655"><subfield code="a">Newspapers.</subfield><subfield code="2">fast</subfield><subfield code="0">(OCoLC)fst01423814</subfield></datafield><datafield ind1="1" ind2=" " tag="700"><subfield code="a">Cabet, E&#769;tienne,</subfield><subfield code="d">1788-1856,</subfield><subfield code="k">Newspapers.</subfield><subfield code="e">publisher.</subfield></datafield><datafield ind1=" " ind2=" " tag="752"><subfield code="a">United States</subfield><subfield code="b">Illinois</subfield><subfield code="c">Hancock County</subfield><subfield code="d">Nauvoo.</subfield></datafield><datafield ind1=" " ind2=" " tag="752"><subfield code="a">United States</subfield><subfield code="b">Iowa</subfield><subfield code="c">Adams County</subfield><subfield code="d">Corning.</subfield></datafield><datafield ind1="0" ind2="8" tag="776"><subfield code="i">Microfilm version:</subfield><subfield code="t">Revue Icarienne</subfield><subfield code="w">(DLC)sn 94082199</subfield><subfield code="w">(OCoLC)32352865</subfield></datafield><datafield ind1="0" ind2="8" tag="776"><subfield code="i">Microfilm version:</subfield><subfield code="t">Revue Icarienne</subfield><subfield code="w">(OCoLC)28719201</subfield></datafield><datafield ind1="0" ind2="0" tag="780"><subfield code="t">Colonie Icarienne</subfield><subfield code="w">(DLC)sn 94054730</subfield><subfield code="w">(OCoLC)31114511</subfield></datafield><datafield ind1=" " ind2=" " tag="938"><subfield code="a">Kirtas Technologies, Inc.</subfield><subfield code="b">KRTS</subfield><subfield code="n">739740</subfield></datafield></record>